@book {Butcher2008_book,
    AUTHOR = {Butcher, J. C.},
     TITLE = {Numerical methods for ordinary differential equations},
   EDITION = {Second},
 PUBLISHER = {Wiley},
      YEAR = {2008},
     PAGES = {xx+463},
      ISBN = {978-0-470-72335-7},
   MRCLASS = {65-01 (65Lxx)},
  MRNUMBER = {2401398 (2009b:65002)},
MRREVIEWER = {R{\'e}mi Vaillancourt},
       DOI = {10.1002/9780470753767},
       URL = {http://dx.doi.org/10.1002/9780470753767},
}


@article {Butcher1996,
AUTHOR = {Butcher, J. C. and Sanz-Serna, J. M.},
TITLE = {The number of conditions for a {R}unge-{K}utta method to have
              effective order {$p$}},
JOURNAL = {Appl. Numer. Math.},
FJOURNAL = {Applied Numerical Mathematics. An IMACS Journal},
VOLUME = {22},
YEAR = {1996},
NUMBER = {1-3},
PAGES = {103--111},
ISSN = {0168-9274},
CODEN = {ANMAEL},
MRCLASS = {65L06},
MRNUMBER = {1424292 (97i:65119)},
DOI = {10.1016/S0168-9274(96)00028-1},
URL = {http://dx.doi.org/10.1016/S0168-9274(96)00028-1},
optNOTE = {Special issue celebrating the centenary of Runge-Kutta
              methods},
}

@incollection {Butcher1969,
    AUTHOR = {Butcher, J. C.},
     TITLE = {The effective order of {R}unge-{K}utta methods},
 BOOKTITLE = {Conf. on {N}umerical {S}olution of {D}ifferential {E}quations
              ({D}undee, 1969) },
     PAGES = {133--139},
 PUBLISHER = {Springer},
      YEAR = {1969},
   MRCLASS = {65.61},
  MRNUMBER = {0275679 (43 \#1432)},
MRREVIEWER = {A. Pasquali},
}

@article {Butcher1972,
    AUTHOR = {Butcher, J. C.},
     TITLE = {An algebraic theory of integration methods},
   JOURNAL = {Math. Comp.},
  FJOURNAL = {Mathematics of Computation},
    VOLUME = {26},
      YEAR = {1972},
      NUMBER = {117},
     PAGES = {79--106},
      ISSN = {0025-5718},
   MRCLASS = {65L99},
  MRNUMBER = {0305608 (46 \#4738)},
MRREVIEWER = {D. B. Hunter},
}

@article {Butcher1998,
    AUTHOR = {Butcher, J. C.},
     TITLE = {Order and effective order},
      NOTE = {Eighth Conference on the Numerical Treatment of Differential
              Equations (Alexisbad, 1997)},
   JOURNAL = {Appl. Numer. Math.},
  FJOURNAL = {Applied Numerical Mathematics. An IMACS Journal},
    VOLUME = {28},
      YEAR = {1998},
    NUMBER = {2-4},
     PAGES = {179--191},
      ISSN = {0168-9274},
     CODEN = {ANMAEL},
   MRCLASS = {65L06},
  MRNUMBER = {1655159 (99k:65056)},
MRREVIEWER = {Severiano Gonzalez-Pinto},
       DOI = {10.1016/S0168-9274(98)00043-9},
       URL = {http://dx.doi.org/10.1016/S0168-9274(98)00043-9},
}

@article {dahlquist2006,
    AUTHOR = {Dahlquist, Germund and Jeltsch, Rolf},
     TITLE = {Reducibility and contractivity of {R}unge-{K}utta methods
              revisited},
   JOURNAL = {BIT},
  FJOURNAL = {BIT. Numerical Mathematics},
    VOLUME = {46},
      YEAR = {2006},
    NUMBER = {3},
     PAGES = {567--587},
      ISSN = {0006-3835},
   MRCLASS = {65L06 (65L07)},
  MRNUMBER = {2265575 (2007h:65068)},
MRREVIEWER = {Fernando Casas},
       DOI = {10.1007/s10543-006-0079-7},
       URL = {http://dx.doi.org/10.1007/s10543-006-0079-7},
}

@article {Ferracina2004,
    AUTHOR = {Ferracina, L. and Spijker, M. N.},
     TITLE = {Stepsize restrictions for the total-variation-diminishing
              property in general {R}unge-{K}utta methods},
   JOURNAL = {SIAM J. Numer. Anal.},
  FJOURNAL = {SIAM Journal on Numerical Analysis},
    VOLUME = {42},
      YEAR = {2004},
    NUMBER = {3},
     PAGES = {1073--1093},
      ISSN = {0036-1429},
   MRCLASS = {65L06 (65M20)},
  MRNUMBER = {2113676 (2005k:65126)},
MRREVIEWER = {R{\'e}mi Vaillancourt},
       DOI = {10.1137/S0036142902415584},
       URL = {http://dx.doi.org/10.1137/S0036142902415584},
}

@article {Ferracina2005,
    AUTHOR = {Ferracina, L. and Spijker, M. N.},
     TITLE = {An extension and analysis of the {S}hu-{O}sher representation
              of {R}unge-{K}utta methods},
   JOURNAL = {Math. Comp.},
  FJOURNAL = {Mathematics of Computation},
    VOLUME = {74},
      YEAR = {2005},
    NUMBER = {249},
     PAGES = {201--219},
      ISSN = {0025-5718},
     CODEN = {MCMPAF},
   MRCLASS = {65L06 (65M20)},
  MRNUMBER = {2085408 (2005g:65110)},
MRREVIEWER = {Bojan Orel},
       DOI = {10.1090/S0025-5718-04-01664-3},
       URL = {http://dx.doi.org/10.1090/S0025-5718-04-01664-3},
}

@article {Gottlieb/Ruuth:SSPfastdownwind,
    AUTHOR = {Gottlieb, Sigal and Ruuth, Steven J.},
     TITLE = {Optimal strong-stability-preserving time-stepping schemes with
              fast downwind spatial discretizations},
   JOURNAL = {J. Sci. Comput.},
  FJOURNAL = {Journal of Scientific Computing},
    VOLUME = {27},
      YEAR = {2006},
    NUMBER = {1-3},
     PAGES = {289--303},
      ISSN = {0885-7474},
     CODEN = {JSCOEB},
   MRCLASS = {65M06},
  MRNUMBER = {2285782 (2008j:65122)},
       DOI = {10.1007/s10915-005-9054-8},
       URL = {http://dx.doi.org/10.1007/s10915-005-9054-8},
}

@article {Gottlieb/Shu:1998,
    AUTHOR = {Gottlieb, Sigal and Shu, Chi-Wang},
     TITLE = {Total variation diminishing {R}unge-{K}utta schemes},
   JOURNAL = {Math. Comp.},
  FJOURNAL = {Mathematics of Computation},
    VOLUME = {67},
      YEAR = {1998},
    NUMBER = {221},
     PAGES = {73--85},
      ISSN = {0025-5718},
     CODEN = {MCMPAF},
   MRCLASS = {65L06 (65M99)},
  MRNUMBER = {1443118 (98c:65122)},
       DOI = {10.1090/S0025-5718-98-00913-2},
       URL = {http://dx.doi.org/10.1090/S0025-5718-98-00913-2},
}

@article {Gottlieb2001,
    AUTHOR = {Gottlieb, Sigal and Shu, Chi-Wang and Tadmor, Eitan},
     TITLE = {Strong stability-preserving high-order time discretization
              methods},
   JOURNAL = {SIAM Rev.},
  FJOURNAL = {SIAM Review},
    VOLUME = {43},
      YEAR = {2001},
    NUMBER = {1},
     PAGES = {89--112},
      ISSN = {0036-1445},
   MRCLASS = {65M20 (65L06)},
  MRNUMBER = {1854647 (2002f:65132)},
MRREVIEWER = {Thomas H. Sonar},
       DOI = {10.1137/S003614450036757X},
       URL = {http://dx.doi.org/10.1137/S003614450036757X},
}

@book {Hairer1987_book,
    AUTHOR = {Hairer, E. and N{\o}rsett, S. P. and Wanner, G.},
     TITLE = {Solving ordinary differential equations {I}: Nonstiff problems},
    SERIES = {Springer Series in Computational Mathematics},
    VOLUME = {8},
 PUBLISHER = {Springer-Verlag},
      YEAR = {1987},
     PAGES = {xiv+480},
      ISBN = {3-540-17145-2},
   MRCLASS = {65-02 (34A40 65L99)},
  MRNUMBER = {868663 (87m:65005)},
MRREVIEWER = {W. F. Ames},
}

@article {Hairer1974,
    AUTHOR = {Hairer, E. and Wanner, G.},
     TITLE = {On the {B}utcher group and general multi-value methods},
   JOURNAL = {Computing},
    VOLUME = {13},
      YEAR = {1974},
    NUMBER = {1},
     PAGES = {1--15},
   MRCLASS = {65L05},
  MRNUMBER = {0403225 (53 \#7037)},
MRREVIEWER = {J. C. Butcher},
}

@article {Higueras2004,
    AUTHOR = {Higueras, Inmaculada},
     TITLE = {On strong stability preserving time discretization methods},
   JOURNAL = {J. Sci. Comput.},
  FJOURNAL = {Journal of Scientific Computing},
    VOLUME = {21},
      YEAR = {2004},
    NUMBER = {2},
     PAGES = {193--223},
      ISSN = {0885-7474},
     CODEN = {JSCOEB},
   MRCLASS = {65L06 (65L20)},
  MRNUMBER = {2069949 (2005d:65112)},
       DOI = {10.1023/B:JOMP.0000030075.59237.61},
       URL = {http://dx.doi.org/10.1023/B:JOMP.0000030075.59237.61},
}

@article {Ketcheson2008,
    AUTHOR = {Ketcheson, David I.},
     TITLE = {Highly efficient strong stability-preserving {R}unge-{K}utta
              methods with low-storage implementations},
   JOURNAL = {SIAM J. Sci. Comput.},
  FJOURNAL = {SIAM Journal on Scientific Computing},
    VOLUME = {30},
      YEAR = {2008},
    NUMBER = {4},
     PAGES = {2113--2136},
      ISSN = {1064-8275},
   MRCLASS = {65M20 (65L06)},
  MRNUMBER = {2407154 (2009c:65223)},
MRREVIEWER = {David A. Voss},
       DOI = {10.1137/07070485X},
       URL = {http://dx.doi.org/10.1137/07070485X},
}

@article {Ketcheson/Macdonald/Gottlieb:2009,
    AUTHOR = {Ketcheson, David I. and Macdonald, Colin B. and Gottlieb,
              Sigal},
     TITLE = {Optimal implicit strong stability preserving {R}unge-{K}utta
              methods},
   JOURNAL = {Appl. Numer. Math.},
  FJOURNAL = {Applied Numerical Mathematics. An IMACS Journal},
    VOLUME = {59},
      YEAR = {2009},
    NUMBER = {2},
     PAGES = {373--392},
      ISSN = {0168-9274},
     CODEN = {ANMAEL},
   MRCLASS = {65L06 (65L05 65L20)},
  MRNUMBER = {2484928 (2010a:65113)},
MRREVIEWER = {Sergio Blanes},
       DOI = {10.1016/j.apnum.2008.03.034},
       URL = {http://dx.doi.org/10.1016/j.apnum.2008.03.034},
}

@article {ketcheson2009a,
    AUTHOR = {Ketcheson, David I.},
     TITLE = {Computation of optimal monotonicity preserving general linear
              methods},
   JOURNAL = {Math. Comp.},
  FJOURNAL = {Mathematics of Computation},
    VOLUME = {78},
      YEAR = {2009},
    NUMBER = {267},
     PAGES = {1497--1513},
      ISSN = {0025-5718},
     CODEN = {MCMPAF},
   MRCLASS = {65L06 (65L05)},
  MRNUMBER = {2501060 (2010a:65114)},
MRREVIEWER = {Kenneth Wright},
       DOI = {10.1090/S0025-5718-09-02209-1},
       URL = {http://dx.doi.org/10.1090/S0025-5718-09-02209-1},
}

@article {Ketcheson:2011:downwind,
    AUTHOR = {Ketcheson, David I.},
     TITLE = {Step sizes for strong stability preservation with
              downwind-biased operators},
   JOURNAL = {SIAM J. Numer. Anal.},
  FJOURNAL = {SIAM Journal on Numerical Analysis},
    VOLUME = {49},
      YEAR = {2011},
    NUMBER = {4},
     PAGES = {1649--1660},
      ISSN = {0036-1429},
     CODEN = {SJNAAM},
   MRCLASS = {65M20 (65L06 65L20)},
  MRNUMBER = {2831065},
       DOI = {10.1137/100818674},
       URL = {http://dx.doi.org/10.1137/100818674},
}

@article {Kraaijevanger1991,
    AUTHOR = {Kraaijevanger, J. F. B. M.},
     TITLE = {Contractivity of {R}unge-{K}utta methods},
   JOURNAL = {BIT},
  FJOURNAL = {BIT. Numerical Mathematics},
    VOLUME = {31},
      YEAR = {1991},
    NUMBER = {3},
     PAGES = {482--528},
      ISSN = {0006-3835},
     CODEN = {NBITAB},
   MRCLASS = {65L06 (65L20 65M12)},
  MRNUMBER = {1127488 (92i:65120)},
MRREVIEWER = {Alexander Ostermann},
       DOI = {10.1007/BF01933264},
       URL = {http://dx.doi.org/10.1007/BF01933264},
}

@article {Kraaijevanger1986,
    AUTHOR = {Kraaijevanger, J. F. B. M.},
     TITLE = {Absolute monotonicity of polynomials occurring in the
              numerical solution of initial value problems},
   JOURNAL = {Numer. Math.},
  FJOURNAL = {Numerische Mathematik},
    VOLUME = {48},
      YEAR = {1986},
    NUMBER = {3},
     PAGES = {303--322},
      ISSN = {0029-599X},
     CODEN = {NUMMA7},
   MRCLASS = {65L05 (41A10)},
  MRNUMBER = {826471 (87c:65084)},
MRREVIEWER = {Randall J. LeVeque},
       DOI = {10.1007/BF01389477},
       URL = {http://dx.doi.org/10.1007/BF01389477},
}


@book {Laney:1998,
    AUTHOR = {Laney, Culbert B.},
     TITLE = {Computational gasdynamics},
 PUBLISHER = {Cambridge University Press},
      YEAR = {1998},
     PAGES = {xiv+613},
      ISBN = {0-521-57069-7; 0-521-62558-0},
   MRCLASS = {76Mxx (65Mxx 76L05 76N15)},
  MRNUMBER = {1659254 (2000e:76086)},
MRREVIEWER = {Philippe G. LeFloch},
       DOI = {10.1017/CBO9780511605604},
       URL = {http://dx.doi.org/10.1017/CBO9780511605604},
}

@inproceedings {Ruuth2002,
    AUTHOR = {Ruuth, Steven J. and Spiteri, Raymond J.},
     TITLE = {Two barriers on strong-stability-preserving time
              discretization methods},
 BOOKTITLE = {Proceedings of the {F}ifth {I}nternational {C}onference on
              {S}pectral and {H}igh {O}rder {M}ethods ({ICOSAHOM}-01)
              ({U}ppsala)},
   JOURNAL = {J. Sci. Comput.},
  FJOURNAL = {Journal of Scientific Computing},
    VOLUME = {17},
      YEAR = {2002},
    NUMBER = {1-4},
     PAGES = {211--220},
      ISSN = {0885-7474},
     CODEN = {JSCOEB},
   MRCLASS = {65M06 (65M12)},
  MRNUMBER = {1910562},
       DOI = {10.1023/A:1015156832269},
       URL = {http://dx.doi.org/10.1023/A:1015156832269},
}

@article {Ruuth2004,
    AUTHOR = {Ruuth, Steven J. and Spiteri, Raymond J.},
     TITLE = {High-order strong-stability-preserving {R}unge-{K}utta methods
              with downwind-biased spatial discretizations},
   JOURNAL = {SIAM J. Numer. Anal.},
  FJOURNAL = {SIAM Journal on Numerical Analysis},
    VOLUME = {42},
      YEAR = {2004},
    NUMBER = {3},
     PAGES = {974--996},
      ISSN = {0036-1429},
   MRCLASS = {65L06 (65M20)},
  MRNUMBER = {2112790 (2005m:65142)},
MRREVIEWER = {R{\'e}mi Vaillancourt},
       DOI = {10.1137/S0036142902419284},
       URL = {http://dx.doi.org/10.1137/S0036142902419284},
}

@article {Ruuth:2006,
    AUTHOR = {Ruuth, Steven J.},
     TITLE = {Global optimization of explicit strong-stability-preserving
              {R}unge-{K}utta methods},
   JOURNAL = {Math. Comp.},
  FJOURNAL = {Mathematics of Computation},
    VOLUME = {75},
      YEAR = {2006},
    NUMBER = {253},
     PAGES = {183--207},
      ISSN = {0025-5718},
     CODEN = {MCMPAF},
   MRCLASS = {65L06 (90C26)},
  MRNUMBER = {2176394 (2006k:65180)},
MRREVIEWER = {Raymond J. Spiteri},
       DOI = {10.1090/S0025-5718-05-01772-2},
       URL = {http://dx.doi.org/10.1090/S0025-5718-05-01772-2},
}

@book{Gottlieb2011a,
author = {Gottlieb, Sigal and Ketcheson, David I. and Shu, Chi-Wang},
isbn = {978-981-4289-26-9},
month = jan,
pages = {188},
publisher = {WORLD SCIENTIFIC},
title = {{Strong Stability Preserving Runge-Kutta And Multistep Time Discretizations}},
year = {2011}
}

@article {Shu/Osher:1988,
    AUTHOR = {Shu, Chi-Wang and Osher, Stanley},
     TITLE = {Efficient implementation of essentially nonoscillatory
              shock-capturing schemes},
   JOURNAL = {J. Comput. Phys.},
  FJOURNAL = {Journal of Computational Physics},
    VOLUME = {77},
      YEAR = {1988},
    NUMBER = {2},
     PAGES = {439--471},
      ISSN = {0021-9991},
     CODEN = {JCTPAH},
   MRCLASS = {65M05 (35L65)},
  MRNUMBER = {954915 (89g:65113)},
       DOI = {10.1016/0021-9991(88)90177-5},
       URL = {http://dx.doi.org/10.1016/0021-9991(88)90177-5},
}

@article {Spiteri2003a,
    AUTHOR = {Spiteri, Raymond J. and Ruuth, Steven J.},
     TITLE = {A new class of optimal high-order strong-stability-preserving
              time discretization methods},
   JOURNAL = {SIAM J. Numer. Anal.},
  FJOURNAL = {SIAM Journal on Numerical Analysis},
    VOLUME = {40},
      YEAR = {2002},
    NUMBER = {2},
     PAGES = {469--491},
      ISSN = {0036-1429},
   MRCLASS = {65L06 (65M20)},
  MRNUMBER = {1921666 (2003g:65083)},
MRREVIEWER = {Kazufumi Ozawa},
       DOI = {10.1137/S0036142901389025},
       URL = {http://dx.doi.org/10.1137/S0036142901389025},
}

@article {Spiteri2003b,
    AUTHOR = {Spiteri, Raymond J. and Ruuth, Steven J.},
     TITLE = {Non-linear evolution using optimal fourth-order
              strong-stability-preserving {R}unge-{K}utta methods},
   optNOTE = {Nonlinear waves: computation and theory, II (Athens, GA,
              2001)},
   JOURNAL = {Math. Comput. Simulation},
  FJOURNAL = {Mathematics and Computers in Simulation},
    VOLUME = {62},
      YEAR = {2003},
    NUMBER = {1-2},
     PAGES = {125--135},
      ISSN = {0378-4754},
     CODEN = {MCSIDR},
   MRCLASS = {65M06 (65M12)},
  MRNUMBER = {1983581},
       DOI = {10.1016/S0378-4754(02)00179-9},
       URL = {http://dx.doi.org/10.1016/S0378-4754(02)00179-9},
}
